@book{leonard:2015:convex,
  title={Geometry of Convex Sets},
  author={Leonard, I.E. and Lewis, J.E.},
  isbn={9781119022695},
  lccn={2015022891},
  year={2015},
  publisher={Wiley}
}

@ARTICLE{chazal:frontiers,
AUTHOR={Chazal, Frédéric  and Michel, Bertrand },
TITLE={An Introduction to Topological Data Analysis: Fundamental and Practical Aspects for Data Scientists},
JOURNAL={Frontiers in Artificial Intelligence},
VOLUME={4},
YEAR={2021},
URL={https://www.frontiersin.org/journals/artificial-intelligence/articles/10.3389/frai.2021.667963},
DOI={10.3389/frai.2021.667963},
ISSN={2624-8212}
}

@book{edelsbrunner:2014:computational,
author = {Edelsbrunner, Herbert},
title = {A Short Course in Computational Geometry and Topology},
year = {2014},
isbn = {3319059564},
publisher = {Springer Publishing Company, Incorporated}
}

@book{edelsbrunner:2010:computational,
	title={Computational Topology: An Introduction},
	author={Edelsbrunner, H. and Harer, J.},
	isbn={9780821849255},
	lccn={2009028121},
	series={Applied Mathematics},
	year={2010},
	publisher={American Mathematical Society},
	keywords = {major}
}

@inproceedings{tamal:mapper,
author = {Dey, Tamal K. and M\'{e}moli, Facundo and Wang, Yusu},
title = {Multiscale mapper: topological summarization via codomain covers},
year = {2016},
isbn = {9781611974331},
publisher = {Society for Industrial and Applied Mathematics},
address = {USA},
abstract = {Summarizing topological information from datasets and maps defined on them is a central theme in topological data analysis. Mapper, a tool for such summarization, takes as input both a possibly high dimensional dataset and a map defined on the data, and produces a summary of the data by using a cover of the codomain of the map. This cover, via a pullback operation to the domain, produces a simplicial complex connecting the data points.The resulting view of the data through a cover of the codomain offers flexibility in analyzing the data. However, it offers only a view at a fixed scale at which the cover is constructed. Inspired by the concept, we explore a notion of a tower of covers which induces a tower of simplicial complexes connected by simplicial maps, which we call multiscale mapper. We study the resulting structure, and design practical algorithms to compute its persistence diagrams efficiently. Specifically, when the domain is a simplicial complex and the map is a real-valued piecewise-linear function, the algorithm can compute the exact persistence diagram only from the 1-skeleton of the input complex. For general maps, we present a combinatorial version of the algorithm that acts only on vertex sets connected by the 1-skeleton graph, and this algorithm approximates the exact persistence diagram thanks to a stability result that we show to hold.},
booktitle = {Proceedings of the Twenty-Seventh Annual ACM-SIAM Symposium on Discrete Algorithms},
pages = {997–1013},
numpages = {17},
location = {Arlington, Virginia},
series = {SODA '16}
}
@article{carriere:mapper,
  author  = {Mathieu Carri{{\`e}}re and Bertrand Michel and Steve Oudot},
  title   = {Statistical Analysis and Parameter Selection for Mapper},
  journal = {Journal of Machine Learning Research},
  year    = {2018},
  volume  = {19},
  number  = {12},
  pages   = {1--39},
  url     = {http://jmlr.org/papers/v19/17-291.html}
}
@inproceedings{mapper,
booktitle = {Eurographics Symposium on Point-Based Graphics},
editor = {M. Botsch and R. Pajarola and B. Chen and M. Zwicker},
title = {{Topological Methods for the Analysis of High Dimensional Data Sets and 3D Object Recognition}},
author = {Singh, Gurjeet and Memoli, Facundo and Carlsson, Gunnar},
year = {2007},
publisher = {The Eurographics Association},
ISSN = {1811-7813},
ISBN = {978-3-905673-51-7},
DOI = {/10.2312/SPBG/SPBG07/091-100},
keywords={minor}
}
@article{Mccord:nerve,
 ISSN = {00029939, 10886826},
 URL = {http://www.jstor.org/stable/2035443},
 author = {Michael C. McCord},
 journal = {Proceedings of the American Mathematical Society},
 number = {4},
 pages = {705--708},
 publisher = {American Mathematical Society},
 title = {Homotopy Type Comparison of a Space with Complexes Associated with its Open Covers},
 urldate = {2025-02-26},
 volume = {18},
 year = {1967},
 keywords = {advanced}
}
@article{Weil1952,
author = {Weil, André},
journal = {Commentarii mathematici Helvetici},
keywords = {topology},
pages = {119-145},
title = {Sur les théorèmes de de Rham.},
url = {https://doi.org/10.1007/BF02564296},
volume = {26},
year = {1952},
keywords = {advanced}
}
@article{Borsuk1948,
author = {Borsuk, Karol},
journal = {Fundamenta Mathematicae},
keywords = {Topology},
language = {eng},
number = {1},
pages = {217-234},
title = {On the imbedding of systems of compacta in simplicial complexes},
url = {http://eudml.org/doc/213158},
volume = {35},
year = {1948},
keywords = {advanced}
}

@article{BAUER:nerve,
title = {A unified view on the functorial nerve theorem and its variations},
journal = {Expositiones Mathematicae},
volume = {41},
number = {4},
pages = {125503},
year = {2023},
issn = {0723-0869},
doi = {https://doi.org/10.1016/j.exmath.2023.04.005},
url = {https://www.sciencedirect.com/science/article/pii/S0723086923000415},
author = {Ulrich Bauer and Michael Kerber and Fabian Roll and Alexander Rolle},
keywords = {advanced},
}

@article{MESHULAM:nerve,
title = {Domination numbers and homology},
journal = {Journal of Combinatorial Theory, Series A},
volume = {102},
number = {2},
pages = {321-330},
year = {2003},
issn = {0097-3165},
doi = {https://doi.org/10.1016/S0097-3165(03)00045-1},
url = {https://www.sciencedirect.com/science/article/pii/S0097316503000451},
author = {Roy Meshulam},
keywords = {advanced}
}

@article{homological:nerve,
title = {Different versions of the nerve theorem and colourful simplices},
journal = {Journal of Combinatorial Theory, Series A},
volume = {169},
pages = {105125},
year = {2020},
issn = {0097-3165},
doi = {https://doi.org/10.1016/j.jcta.2019.105125},
url = {https://www.sciencedirect.com/science/article/pii/S0097316519300998},
author = {Frédéric Meunier and Luis Montejano},
keywords = {advanced}
}

@book{may:1967:simplicial,
  title={Simplicial Objects in Algebraic Topology},
  author={May, J.P.},
  series={Chicago Lectures in Mathematics},
  year={1967},
  publisher={University of Chicago Press}
}

@article{alberto:2023,
	author = {Alberto, Luis},
	title = {Pseudospheres: combinatorics, topology and distributed systems},
	journal = {Journal of Applied and Computational Topology},
	year = {2024},
	url = {https://doi.org/10.1007/s41468-023-00162-5},
	pages = {1023--1052},
	volume = {8}
}

@article{DeLoera:2019:tucker,
	title={The discrete yet ubiquitous theorems of Carathéodory, Helly, Sperner, Tucker, and Tverberg},
	author={De Loera, Jesús A. and Goaoc, Xavier and Meunier, Frédéric and Mustafa, Nabil H.},
	journal={Bulletin of the American Mathematical Society},
	volume={56},
	pages={415--511},
	year={2019},
	publisher={American Mathematical Society}
}

@book{barmak:2011:finite:spaces:book,
	Author = {Barmak, J.},
	Publisher = {Springer Berlin, Heidelberg},
	Title = {Algebraic Topology of Finite Topological Spaces and Applications},
	Year = {2011},
	address = "Berlin"
}

@article{herlihy:2005:fd,
	author = {Herlihy, M. and Penso, L. D.},
	doi = {10.1007/s00446-005-0141-8},
	journal = {Distributed Computing},
	number = {2},
	pages = {157--166},
	title = {Tight bounds for k-set agreement with limited-scope failure detectors},
	volume = {18},
	year = {2005}
}
@article{fraigniaud:2020:opinions,
	author = {Fraigniaud, P. and Rajsbaum, S. and Travers, C.},
	doi = {10.1007/s41468-019-00047-6},
	journal = {Journal of Applied and Computational Topology},
	number = {1},
	pages = {141--179},
	title = {A lower bound on the number of opinions needed for fault-tolerant decentralized run-time monitoring},
	volume = {4},
	year = {2020}
}
@article{armando:2021:networks,
	title = {A topological perspective on distributed network algorithms},
	journal = {Theoretical Computer Science},
	volume = {849},
	pages = {121--137},
	year = {2021},
	doi = {https://doi.org/10.1016/j.tcs.2020.10.012},
	author = {Casta\~neda, A. and Fraigniaud, P. and Paz, A. and Rajsbaum, S. and Roy, M. and Travers, C.},
}
@article{herlihy:2000:spans,
	title={Algebraic spans},
	volume={10}, 
	DOI={10.1017/S0960129500003170},
	number={4}, 
	journal={Mathematical Structures in Computer Science},
	publisher={Cambridge University Press}, 
	author={Herlihy, M. and Rajsbaum, S.},
	year={2000},
	pages={549--573}
}
@article{guerraoui:2003:omission,
	title = {A Note on Set Agreement with Omission Failures},
	journal = {Electronic Notes in Theoretical Computer Science},
	volume = {81},
	pages = {48--58},
	year = {2003},
	doi = {10.1016/S1571-0661(04)80835-1},
	author = {Guerraoui, R. and Kouznetsov, P. and Pochon, B.},
}

@article{guerraoui:2009:early,
	title = {A topological treatment of early-deciding set-agreement},
	journal = {Theoretical Computer Science},
	volume = {410},
	number = {6},
	pages = {570--580},
	year = {2009},
	note = {Principles of Distributed Systems},
	doi = {10.1016/j.tcs.2008.10.002},
	author = {Guerraoui, R. and Herlihy, M. and Pochon, B.},
}
@InProceedings{goubault:2019:equality,
	author =	{Goubault, E. and Lazic, M. and Ledent, J. and Rajsbaum. S.},
	title =	{Wait-Free Solvability of Equality Negation Tasks},
	booktitle =	{33rd International Symposium on Distributed Computing (DISC 2019)},
	pages =	{21:1--21:16},
	year =	{2019},
	volume =	{146},
	publisher =	{Schloss Dagstuhl--Leibniz-Zentrum fuer Informatik},
	address =	{Dagstuhl},
	doi =		{10.4230/LIPIcs.DISC.2019.21},
	editor =	{J. Suomela},
}


@article{halsted:1902:pseudosphere,
	ISSN = {00029890, 19300972},
	URL = {http://www.jstor.org/stable/2970096},
	author = {Halsted, G.},
	journal = {The American Mathematical Monthly},
	number = {3},
	pages = {59--63},
	publisher = {Mathematical Association of America},
	title = {Eugenio Beltrami},
	urldate = {2023-03-29},
	volume = {9},
	year = {1902},
	annotation = {referencia coteajada}
}
@article{fan:1952:lemma,
	author = {Fan, K.},
	journal = {Annals of Mathematics},
	number = {3},
	pages = {431--437},
	publisher = {Annals of Mathematics},
	title = {A Generalization of {T}ucker's Combinatorial Lemma with Topological Applications},
	volume = {56},
	year = {1952},
	doi = {10.2307/1969651}
}
@article{herlihy:2000:pseudospheres,
	title = {An Overview of Synchronous Message-Passing and Topology},
	journal = {Electronic Notes in Theoretical Computer Science},
	volume = {39},
	number = {2},
	pages = {1--17},
	year = {2000},
	doi = {10.1016/S1571-0661(05)01148-5},
	author = {Herlihy, M. and Rajsbaum, S. and Tuttle, M. R.}
}
@book{brown:2006:grupoids,
	author = "Brown, R.",
	publisher = "Createspace",
	title = "Topology and grupoids:	A Geometric Account of General Topology,
	Homotopy Types and the Fundamental Groupoid",
	year = "2006",
	address = "Deganwy"
}


@book{dieck:2008:algebraic:topology,
	Author = {tom Dieck, T.},
	Publisher = {European Mathematical Society},
	Title = {Algebraic topology.},
	Year = {2008},
	address = "Germany"
}

@article{bjorner:1980:cohen:poset:shell,
	ISSN = {00029947},
	URL = {http://www.jstor.org/stable/1999881},
	author = {Anders Björner},
	journal = {Transactions of the American Mathematical Society},
	number = {1},
	pages = {159--183},
	publisher = {American Mathematical Society},
	title = {Shellable and Cohen-Macaulay Partially Ordered Sets},
	urldate = {2022-10-02},
	volume = {260},
	year = {1980},
	annotation = {referencia cotejada}
}
@book{rotman:1995:groups,
	Author = {Rotman, Joseph J.},
	ISBN = {0-387-94285-8},
	Publisher = {Springer-Verlag New York},
	Series = {Graduate Texts in Mathematics: 119},
	Title = {An introduction to the theory of groups.},
	Year = {1995},
	Edition = {4th},
	Annotation = {referencia cotejada}	
}
@book{rotman:1988:algebraic:topology,
	Author = {Rotman, Joseph J.},
	ISBN = {9781461245766},
	Publisher = {Springer New York},
	Series = {Graduate Texts in Mathematics: 119},
	Title = {An Introduction to Algebraic Topology.},
	Year = {1988},
}
@article{herlihy:2013:topology:adversaries,
	author = {Herlihy, Maurice and Rajsbaum, Sergio},
	journal = {Distributed computing},
	keywords = {Clique,distributed_computing},
	mendeley-tags = {Clique,distributed_computing},
	number = {3},
	pages = {173--192},
	publisher = {Springer},
	title = {The topology of distributed adversaries},
	volume = {26},
	year = {2013},
	annotation = {referecnia cotejada}
}
@article{stanley:1992:subdivision,
	ISSN = {08940347, 10886834},
	URL = {http://www.jstor.org/stable/2152711},
	author = {Stanley, Richard P.},
	journal = {Journal of the American Mathematical Society},
	number = {4},
	pages = {805--851},
	publisher = {American Mathematical Society},
	title = {Subdivisions and Local h-Vectors},
	urldate = {2022-05-02},
	volume = {5},
	year = {1992},
	annotation = {referencia cotejada}
}
@article{gafni:1998:undecidable,
	author = {Gafni, Eli and Koutsoupias, Elias},
	title = {Three-Processor Tasks Are Undecidable},
	journal = {SIAM Journal on Computing},
	volume = {28},
	number = {3},
	pages = {970-983},
	year = {1998},
	doi = {10.1137/S0097539796305766},
	annotation={referencia cotejada}
}
@CONFERENCE{sergio:2021:continuous,
	author = {Rincon Galeana, H., Rajsbaum, S. and Schmid, U.},
	title = {Continuous Tasks and the Asynchronous
	Computability Theorem},
	year = {2021},
	url={https://arxiv.org/pdf/2109.01439.pdf}
}
@InProceedings{saraph:2018:acthms,
	author="Saraph, Vikram
	and Herlihy, Maurice
	and Gafni, Eli",
	editor="Gavoille, Cyril
	and Ilcinkas, David",
	title="Asynchronous Computability Theorems for t-Resilient Systems",
	booktitle="Distributed Computing",
	year="2016",
	publisher="Springer Berlin Heidelberg",
	address="Berlin, Heidelberg",
	pages="428--441",
	isbn="978-3-662-53426-7",
	annotation="referencia cotejada"
}
@CONFERENCE{kuznetsov:2018:fair,
	author = {Kuznetsov, P. and Rieutord, T. and He, Y.},
	title = {An asynchronous computability theorem for fair adversaries},
	year = {2018},
	journal = {Proceedings of the Annual ACM Symposium on Principles of Distributed Computing},
	pages = {387 – 396},
	doi = {10.1145/3212734.3212765},
	affiliations = {LTCI, Télécom ParisTech Université Paris-Saclay, Paris, France; Computer Science Department, UCLA, Los Angeles, CA, United States},
	publisher = {Association for Computing Machinery},
	isbn = {978-145035795-1},
	coden = {85LRA},
	language = {English},
	abbrev_source_title = {Proc Annu ACM Symp Princ Distrib Comput},
	publication_stage = {Final},
	annotation={referencia cotejada}
}
@CONFERENCE{gafni:2017:affine,
	author = {Gafni, E. and He, Y. and Kuznetsov, P. and Rieutord, T.},
	title = {Read-write memory and k-set consensus as an affine task},
	year = {2017},
	journal = {Leibniz International Proceedings in Informatics, LIPIcs},
	volume = {70},
	pages = {6.1 – 6.17},
	doi = {10.4230/LIPIcs.OPODIS.2016.6},
	affiliations = {UCLA, Los Angeles, CA, United States; Télécom ParisTech, Paris, France},
	editor = {Jimenez E. and Fatourou P. and Pedone F.},
	publisher = {Schloss Dagstuhl- Leibniz-Zentrum fur Informatik GmbH, Dagstuhl Publishing},
	issn = {18688969},
	isbn = {978-395977031-6},
	language = {English},
	abbrev_source_title = {Leibniz Int. Proc. Informatics, LIPIcs},
	publication_stage = {Final},
	annotation={referencia cotejada}
}
@inproceedings{herlihy:1993:tresilient:asyn:thm,
	author = {Herlihy, Maurice and Shavit, Nir},
	title = {The Asynchronous Computability Theorem for <i>t</i>-Resilient Tasks},
	year = {1993},
	isbn = {0897915917},
	publisher = {Association for Computing Machinery},
	address = {New York, NY, USA},
	url = {https://doi-org.pbidi.unam.mx:2443/10.1145/167088.167125},
	doi = {10.1145/167088.167125},
	booktitle = {Proceedings of the Twenty-Fifth Annual ACM Symposium on Theory of Computing},
	pages = {111–120},
	numpages = {10},
	location = {San Diego, California, USA},
	series = {STOC '93}
}
@CONFERENCE{gafni:2014:asyn:comp:thm,
	author = {Gafni, E. and Kuznetsov, P. and Manolescu, C.},
	title = {A generalized Asynchronous Computability Theorem},
	year = {2014},
	journal = {Proceedings of the Annual ACM Symposium on Principles of Distributed Computing},
	pages = {222 – 231},
	doi = {10.1145/2611462.2611477},
	affiliations = {Computer Science Department, UCLA, United States; Télécom ParisTech, France; Department of Mathematics, UCLA, United States},
	publisher = {Association for Computing Machinery},
	isbn = {978-145032944-6},
	coden = {85LRA},
	language = {English},
	abbrev_source_title = {Proc Annu ACM Symp Princ Distrib Comput},
	annotation={referencia cotejada}
}
@article{kozlov:2012:chrom:subd,
	author = {Kozlov, Dmitry N.},
	title = {Chromatic subdivision of a simplicial complex},
	volume = {14},
	journal = {Homology, Homotopy and Applications},
	number = {2},
	publisher = {International Press of Boston},
	pages = {197 -- 209},
	keywords = {combinatorial algebraic topology, distributed computing, immediate snapshot protocol, Subdivision},
	year = {2012},
	doi = {hha/1355321488},
	annotation = {referencia cotejada}
}

@article{Fischer:1985:consensus,
	author = {Fischer, Michael J. and Lynch, Nancy A. and Paterson, Michael S.},
	title = {Impossibility of Distributed Consensus with One Faulty Process},
	year = {1985},
	issue_date = {April 1985},
	publisher = {Association for Computing Machinery},
	address = {New York, NY, USA},
	volume = {32},
	number = {2},
	issn = {0004-5411},
	url = {https://doi.org/10.1145/3149.214121},
	doi = {10.1145/3149.214121},
	abstract = {The consensus problem involves an asynchronous system of processes, some of which may be unreliable. The problem is for the reliable processes to agree on a binary value. In this paper, it is shown that every protocol for this problem has the possibility of nontermination, even with only one faulty process. By way of contrast, solutions are known for the synchronous case, the “Byzantine Generals” problem.},
	journal = {J. ACM},
	month = {apr},
	pages = {374–382},
	numpages = {9},
	annotation={referencia cotejada}
}
@article{walker:1981:homotopy:posets,
	title = {Homotopy Type and Euler Characteristic of Partially Ordered Sets},
	journal = {European Journal of Combinatorics},
	volume = {2},
	number = {4},
	pages = {373--384},
	year = {1981},
	issn = {0195-6698},
	doi = {https://doi.org/10.1016/S0195-6698(81)80045-5},
	url = {https://www.sciencedirect.com/science/article/pii/S0195669881800455},
	author = {Walker,James W.},
	annotation = {referencia cotejada}
}
@article{herlihy:1999:chromatic,
	author = {Herlihy, Maurice and Shavit, Nir},
	title = {The Topological Structure of Asynchronous Computability},
	year = {1999},
	publisher = {Association for Computing Machinery},
	address = {New York, NY, USA},
	volume = {46},
	number = {6},
	issn = {0004-5411},
	url = {https://dl.acm.org/doi/10.1145/331524.331529},
	doi = {10.1145/331524.331529},
	journal = {Journal of the ACM},
	month = {November},
	pages = {858–923},
	numpages = {66},
	keywords = {decision tasks, algebraic topology, wait-tree algorithms, distributed computing, homology, asynchronous distributed computation, simplicial complex},
	annote ={referencia cotejada},
}
@article{freund:1981:tucker,
	author = {Freund, Robert M. and Todd, Michael J.},
	doi = {10.1016/0097-3165(81)90027-3},
	issn = {10960899},
	journal = {Journal of Combinatorial Theory, Series A},
	number = {3},
	pages = {321--325},
	title = {A constructive proof of Tucker's combinatorial lemma},
	volume = {30},
	year = {1981},
	annote = {referencia cotejada}
}
@article{ayala:2012:perfect:morse,
	Author = {Ayala, Rafael and Fernández-Ternero, Desamparados and Vilches, José Antonio},
	ISSN = {0167-8655},
	Journal = {Pattern Recognition Letters},
	Keywords = {Perfect discrete Morse function, Pseudomanifold, Graph, Betti numbers},
	Number = {11},
	Pages = {1495 -- 1500},
	Title = {Perfect discrete Morse functions on 2-complexes.},
	Volume = {33},
	Year = {2012},
	doi = {https://doi.org/10.1016/j.patrec.2011.08.011},
	url = {https://www.sciencedirect.com/science/article/pii/S0167865511002625},
	annote ={referencia cotejada}
}
@article{stanley:1979:balanced,
	Author = {Stanley, Richard P.},
	ISSN = {00029947},
	Journal = {Transactions of the American Mathematical Society},
	Number = {1},
	Pages = {139 -- 157},
	Title = {Balanced Cohen-Macaulay Complexes.},
	Volume = {249},
	Year = {1979},
	month = {April},
	url = {https://www.ams.org/journals/tran/1979-249-01/S0002-9947-1979-0526314-6/},
	annote = {Referencia cotejada},
}
@article{klee:2009:balanced,
	title={The Fundamental Group of Balanced Simplicial Complexes and Posets}, 
	author={Klee, Steven},
	journal = {The Electronic Journal of Combinatorics},
	volume = {16},
	number = {1},
	year={2009},
	url = {https://www.combinatorics.org/ojs/index.php/eljc/article/view/v16i2r7/pdf},
	note = {Papers in this journal do not have page numbers, instead they have an alphanumeric ID. The ID of this paper is R7},
	annote = {Referencia cotejada},
}
@InProceedings{rajsbaum:2020:russian,
	author="Rajsbaum, Sergio",
	editor="Jurdzi{\'{n}}ski, Tomasz
	and Schmid, Stefan",
	title="A Distributed Computing Perspective of Unconditionally Secure Information Transmission in Russian Cards Problems",
	booktitle="Structural Information and Communication Complexity",	
	publisher="Springer International Publishing",
	address="Cham",
	pages="277--295",
	year="2021",
	isbn="978-3-030-79527-6",
	series = {Lecture Notes in Computer Science},
	url = {https://doi.org/10.1007/978-3-030-79527-6_16},
	annote = {Referencia cotejada},
}

@article{bjorner:1983:lexicographically:poset,
	title={On lexicographically shellable posets},
	author={Björner, Anders and Wachs, Michelle},
	journal={Transactions of the American Mathematical Society},
	volume={277},
	number={1},
	pages={323--341},
	month = {May},
	year={1983},
	url = {https://www.ams.org/journals/tran/1983-277-01/S0002-9947-1983-0690055-6/},
	annote = {Referencia cotejada},
}
@book{husemoller:1994:fibre,
	Author = {Husemoller, Dale},
	ISBN = {0-387-94087-1},
	Publisher = {Springer, New York},
	Title = {Fibre bundles},
	Year = {1994},
	note = {3rd edition},
	annote = {Referencia cotejada},
}

@article{forman:1998:morse,
	title = {Morse Theory for Cell Complexes},
	journal = {Advances in Mathematics},
	volume = {134},
	number = {1},
	pages = {90--145},
	year = {1998},
	issn = {0001-8708},
	doi = {https://doi.org/10.1006/aima.1997.1650},
	url = {https://www.sciencedirect.com/science/article/pii/S0001870897916509},
	author = {Forman,Robin},
	annote={Referencia cotejada},
}
@InProceedings{castaneda:2019:arbitrary:graph,
	author={Castañeda, Armando
	and Fraigniaud, Pierre
	and Paz, Ami
	and Rajsbaum, Sergio
	and Roy, Matthieu
	and Travers, Corentin},
	editor={Ghaffari, Mohsen
	and Nesterenko, Mikhail
	and Tixeuil, S{\'e}bastien
	and Tucci, Sara
	and Yamauchi, Yukiko},
	title={Synchronous t-Resilient Consensus in Arbitrary Graphs},
	booktitle={Stabilization, Safety, and Security of Distributed Systems},
	year={2019},
	publisher={Springer International Publishing},
	address={Cham},
	pages={53--68},
	isbn="978-3-030-34992-9",
	url = {https://link.springer.com/chapter/10.1007%2F978-3-030-34992-9_5},
	annote={Referencia cotejada},
}
@article{charron:2009:heard,
	author = {Charron-Bost, Bernadette and Schiper, Andr{\'{e}}},
	doi = {10.1007/s00446-009-0084-6},
	issn = {1432-0452},
	journal = {Distributed Computing},
	number = {1},
	pages = {49--71},
	title = {The Heard-Of model: computing in distributed systems with benign faults},
	url = {https://doi.org/10.1007/s00446-009-0084-6},
	volume = {22},
	year = {2009},
	publisher={Springer},
	annote ={Referencia cotejada},
}
@article{kuhn:2011:DNmodels,
	title={Dynamic networks: models and algorithms},
	author={Kuhn, Fabian and Oshman, Rotem},
	journal={ACM SIGACT News},
	volume={42},
	number={1},
	pages={82--96},
	year={2011},
	publisher={ACM},
	month = {March},
	url={https://dl.acm.org/doi/10.1145/1959045.1959064},
	annote ={Referencia cotejada},
}
@inproceedings{castaneda:2020:pseudospheres,
	author = {Casta\~{n}eda, Armando And Shimi, Adam},
	title = {K-Set Agreement Bounds in Round-Based Models through Combinatorial Topology},
	year = {2020},
	isbn = {9781450375825},
	publisher = {Association for Computing Machinery},
	address = {New York, NY, USA},
	url = {https://doi.org/10.1145/3382734.3405752},
	doi = {10.1145/3382734.3405752},
	booktitle = {Proceedings of the 39th Symposium on Principles of Distributed Computing},
	pages = {395–404},
	numpages = {10},
	keywords = {set-agreeement, distributed computability, combinatorial topology, lower bounds, round-based models, upper bounds},
	location = {Virtual Event, Italy},
	series = {PODC},
	month ={July},
	annote = {Referencia cotejada},
}

@incollection{wachs:2007:poset:tools,
	Editor = {Miller, Ezra and Reiner, Victor and Sturmfels, Bernd},
	Author = {Wachs, Michelle L.},
	booktitle = {Geometric combinatorics},
	Series = {IAS/Park City Mathèmatics},
	title = {Poset topology: tools and applications.},
	Year = {2007},
	url ={http://www.ams.org.pbidi.unam.mx:8080/books/pcms/013/09/pcms013-09.pdf},
	publisher = {AMS},
	volume ={13},
	pages ={497--615},
	annote ={Referencia cotejada},
}
@book{munkres:1984:algebraic:topology,
	Author = {Munkres, James Raymond},
	ISBN = {0-201-04586-9},
	Publisher = {Addison-wesley},
	Title = {Elements of algebraic topology.},
	Year = {1984},
	annote = {No tengo acceso digital, no es claro el año, ni la editorial}
}
@book{steenrod:1951:fiber:book,
	Author = {Steenrod, Norman Earl},
	ISBN = {9781400883875},
	Publisher = {Princeton University Press},
	Series = {Princeton mathematical series},
	volumen = {14},
	Title = {The topology of fibre bundles.},
	doi = {doi:10.1515/9781400883875},
	url = {https://doi.org/10.1515/9781400883875},
	Year = {1951},
	annote = {referencia cotejada},
}
@book{andrzej:2003:fixed,
	Author = {Granas, Andrzej and Dugundji, James},
	ISBN = {9780387215938},
	Publisher = {Springer, New York},
	Series = {Springer Monographs in Mathematics},
	Title = {Fixed Point Theory},
	url = {https://link-springer-com.pbidi.unam.mx:2443/book/10.1007%2F978-0-387-21593-8},
	Year = {2003},
	annote ={referencia cotejada},
}
@book{matousek:2003:borsuk,
	author = {Matousek, Jiri},
	publisher = {Springer, Berlin, Heidelberg},
	title = {Using the Borsuk-Ulam theorem: lectures on topological methods in combinatorics and geometry},
	year = {2003},
	Series = {Universitext},
	isbn ={978-3-540-76649-0},
	url = {https://link-springer-com.pbidi.unam.mx:2443/book/10.1007%2F978-3-540-76649-0},
	annote = {referencia cotejada},
}
@book{kozlov:2020:morse:book,
	Author = {Kozlov, Dmitry N.},
	ISBN = {978-1-4704-5701-3},
	Publisher = {American Mathematical Society},
	Title = {Organized collapse : an introduction to discrete Morse theory.},
	Year = {2020},
	annote = {Referencia cotejada},
}
@book{kleinberg:2006:algorithm:book,
	Author = {Kleinberg, Jon and Tardos, \'Eva},
	ISBN = {0321295358},
	Publisher = {Pearson/Addison-Wesley},
	Title = {Algorithm design},
	Year = {2006},
	annote = {Referencia cotejada},
}
@book{bang:2002:digraph:book,
	Author = {Bang-Jensen, Jorgen and Gutin, Gregory Z.},
	ISBN = {9781447138860},
	Publisher = {Springer, London},
	Title = {Digraphs: Theory, Algorithms and Applications.},
	url = {https://link-springer-com.pbidi.unam.mx:2443/book/10.1007%2F978-1-4471-3886-0},
	Year = {2002},
	annote ={referencia cotejada}
}
@phdthesis{adamaszek:2012:problems:flag,
	URL = {http://wrap.warwick.ac.uk/51599/},
	month = {May},
	title = {Some problems in combinatorial topology of flag complexes},
	school = {University of Warwick},
	author = {Adamaszek, Micha{\l}},
	year = {2012},
	annote = {Referencia cotejada},
}

@article{meshulam:2001:clique:homology,
	author = {Meshulam, Roy},
	doi = {10.1007/s004930170006},
	issn = {1439-6912},
	journal = {Combinatorica},
	number = {1},
	pages = {89--94},
	title = {The Clique Complex and Hypergraph Matching},
	url = {https://doi.org/10.1007/s004930170006},
	volume = {21},
	year = {2001},
	annote = {referencia cotejada},
}
@article{bjorner:1996:shellable:nonpureI,
	ISSN = {00029947},
	URL = {https://www.ams.org/journals/tran/1996-348-04/S0002-9947-96-01534-6/},
	author = {Björner, Anders and Wachs, Michelle L.},
	journal = {Transactions of the American Mathematical Society},
	number = {4},
	pages = {1299--1327},
	publisher = {American Mathematical Society},
	title = {Shellable Nonpure Complexes and Posets. I},
	volume = {348},
	doi = { https://doi.org/10.1090/S0002-9947-96-01534-6},
	year = {1996},
	annote = {referencia cotejada},
}

@article{bjorner:1997:shellable:posetII,
	ISSN = {00029947},
	URL = {https://www.ams.org/journals/tran/1997-349-10/S0002-9947-97-01838-2/},
	author = {Björner, Anders and Wachs, Michelle L.},
	journal = {Transactions of the American Mathematical Society},
	number = {10},
	pages = {3945--3975},
	publisher = {American Mathematical Society},
	title = {Shellable Nonpure Complexes and Posets. II},
	volume = {349},
	year = {1997},
	doi = {https://doi.org/10.1090/S0002-9947-97-01838-2},
	annote = {referencia cotejada},
}

@inproceedings{herlihy:1998:unifying:sync:async,
	author = {Herlihy, Maurice and Rajsbaum, Sergio and Tuttle, Mark R.},
	title = {Unifying Synchronous and Asynchronous Message-Passing Models},
	year = {1998},
	isbn = {0897919777},
	publisher = {Association for Computing Machinery},
	address = {New York, NY, USA},
	url = {https://doi.org/10.1145/277697.277722},
	doi = {10.1145/277697.277722},
	booktitle = {Proceedings of the Seventeenth Annual ACM Symposium on Principles of Distributed Computing},
	pages = {133–142},
	numpages = {10},
	location = {Puerto Vallarta, Mexico},
	series = {PODC},
	annote = {Referencia cotejada}
}

@book{herlihy:2013:book,
	author    = {Herlihy, Maurice and
		Kozlov, Dmitry N. and
		Rajsbaum, Sergio},
	title     = {Distributed Computing Through Combinatorial Topology},
	publisher = {Elsevier/Morgan Kaufmann},
	year      = {2013},
	isbn      = {978-0-12-404578-1},
	annote = {Referencia cotejada},
}
@incollection{bjorner:1992:homology:matroids,
	title={The homology and shellability of matroids and geometric lattices},
	author={Björner, Anders},
	booktitle={Matroid Applications},
	series = {Encyclopedia of mathematics and its applications},
	volume = {40},
	pages = {226--283},
	year = {1992},
	publisher = {Cambridge University Press},
	isbn = {978-0-521-38165-9},
	editor= {White, N},
	annote = {referencia cotejada},
}
@book{kozlov:2008:combinatorial:alg:topo,
	author    = {Kozlov, Dmitry N.},
	title     = {Combinatorial Algebraic Topology},
	series    = {Algorithms and computation in mathematics},
	volume    = {21},
	publisher = {Springer, Berlin, Heidelberg},
	year      = {2008},
	url       = {https://link-springer-com.pbidi.unam.mx:2443/book/10.1007%2F978-3-540-71962-5},
	doi       = {10.1007/978-3-540-71962-5},
	isbn      = {978-3-540-71962-5},
	Annote = {Referencia cotejada},
}

@article{milnor:universal:2,
	ISSN = {0003486X},
	URL = {http://www.jstor.org/stable/1970012},
	author = {Milnor, John},
	journal = {Annals of Mathematics},
	number = {3},
	pages = {430--436},
	publisher = {Annals of Mathematics},
	title = {Construction of Universal Bundles, \I\I},
	volume = {63},
	year = {1956},
	annote = {referencia cotejada},
}
@book{scoville:2019:discrete:morse,
	title={Discrete Morse Theory},
	author={Scoville, Nicholas A.},
	volume={90},
	year={2019},
	publisher={American Mathematical Society},
	series = {Student mathematical library},
	annote = {Referencia cotejada},
}
@article{chari:2000:general:shelling,
	title = {On discrete Morse functions and combinatorial decompositions},
	journal = {Discrete Mathematics},
	volume = {217},
	number = {1},
	pages = {101 - 113},
	year = {2000},
	issn = {0012-365X},
	doi = {https://doi.org/10.1016/S0012-365X(99)00258-7},
	url = {http://www.sciencedirect.com/science/article/pii/S0012365X99002587},
	author = {Chari, Manoj K.},
	annote = {referencia cotejada},
}